@article{LiuChangping2011,
  title={一种新颖的仿生群智能优化算法:萤火虫算法},
  author={刘长平 and 叶春明},
  journal={计算机应用研究},
  volume={28},
  number={9},
  pages={3},
  year={2011},
}

@article{ChenKai2014,
  title={基于萤火虫算法的二维熵多阈值快速图像分割},
  author={陈恺 and 陈芳 and 戴敏 and 张志胜 and 史金飞},
  journal={光学精密工程},
  volume={22},
  number={2},
  pages={7},
  year={2014},
}
